@book{AapoICABook,
  title={Independent component analysis},
  author={Hyv{\"a}rinen, Aapo and Karhunen, Juha and Oja, Erkki},
  volume={46},
  year={2004},
  publisher={John Wiley \& Sons}
}
@article{jung2000removing,
  title={Removing electroencephalographic artifacts by blind source separation},
  author={Jung, Tzyy-Ping and Makeig, Scott and Humphries, Colin and Lee, Te-Won and Mckeown, Martin J and Iragui, Vicente and Sejnowski, Terrence J},
  journal={Psychophysiology},
  volume={37},
  number={2},
  pages={163--178},
  year={2000},
  publisher={Wiley Online Library}
}
@article{delorme2012independent,
  title={Independent EEG sources are dipolar},
  author={Delorme, Arnaud and Palmer, Jason and Onton, Julie and Oostenveld, Robert and Makeig, Scott},
  journal={PloS one},
  volume={7},
  number={2},
  pages={e30135},
  year={2012},
  publisher={Public Library of Science}
}
@article{makeig2002dynamic,
  title={Dynamic brain sources of visual evoked responses},
  author={Makeig, S and Westerfield, M and Jung, T-P and Enghoff, S and Townsend, J and Courchesne, E and Sejnowski, TJ},
  journal={Science},
  volume={295},
  number={5555},
  pages={690--694},
  year={2002},
  publisher={American Association for the Advancement of Science}
}
@incollection{wang2013improving,
  title={Improving Brain--Computer Interfaces Using Independent Component Analysis},
  author={Wang, Yijun and Jung, Tzyy-Ping},
  booktitle={Towards Practical Brain-Computer Interfaces},
  pages={67--83},
  year={2013},
  publisher={Springer}
}
@inproceedings{akhtar2012recursive,
  title={Recursive independent component analysis for online blind source separation},
  author={Akhtar, Muhammad Tahir and Jung, Tzyy-Ping and Makeig, Scott and Cauwenberghs, Gert},
  booktitle={Circuits and Systems (ISCAS)},
  pages={2813--2816},
  year={2012},
  organization={IEEE}
}
@article{zhu2002adaptive,
  title={Adaptive RLS algorithm for blind source separation using a natural gradient},
  author={Zhu, Xiao-Long and Zhang, Xian-Da},
  journal={IEEE SIGNAL PROC LET},
  volume={9},
  number={12},
  pages={432--435},
  year={2002},
  publisher={IEEE}
}
@article{giannakopoulos1999experimental,
  title={An experimental comparison of neural algorithms for independent component analysis and blind separation},
  author={Giannakopoulos, Xavier and Karhunen, Juha and Oja, Erkki},
  journal={International Journal of Neural Systems},
  volume={9},
  number={02},
  pages={99--114},
  year={1999},
  publisher={World Scientific}
}
@article{delorme2011eeglab,
  title={EEGLAB, SIFT, NFT, BCILAB, and ERICA: new tools for advanced EEG processing},
  author={Delorme, Arnaud and Mullen, Tim and Kothe, Christian and Acar, Zeynep Akalin and Bigdely-Shamlo, Nima and Vankov, Andrey and Makeig, Scott},
  journal={Computational intelligence and neuroscience},
  volume={2011},
  pages={10},
  year={2011},
  publisher={Hindawi Publishing Corp.}
}
@article{mcloughlin2009performance,
  title={Performance monitoring is altered in adult ADHD: a familial event-related potential investigation},
  author={McLoughlin, Gr{\'a}inne and Albrecht, Bjoern and Banaschewski, Tobias and Rothenberger, Aribert and Brandeis, Daniel and Asherson, Philip and Kuntsi, Jonna},
  journal={Neuropsychologia},
  volume={47},
  number={14},
  pages={3134--3142},
  year={2009},
  publisher={Elsevier}
}
@article{falkenstein2000erp,
  title={ERP components on reaction errors and their functional significance: a tutorial},
  author={Falkenstein, Michael and Hoormann, J{\"o}rg and Christ, Stefan and Hohnsbein, Joachim},
  journal={Biological psychology},
  volume={51},
  number={2},
  pages={87--107},
  year={2000},
  publisher={Elsevier}
}
@article{lee1999independent,
  title={Independent component analysis using an extended infomax algorithm for mixed subgaussian and supergaussian sources},
  author={Lee, Te-Won and Girolami, Mark and Sejnowski, Terrence J},
  journal={Neural computation},
  volume={11},
  number={2},
  pages={417--441},
  year={1999},
  publisher={MIT Press}
}
@article{douglas2001blind,
  title={Blind signal separation and blind deconvolution},
  author={Douglas, Scott C},
  journal={Handbook of neural network signal processing},
  volume={6},
  pages={1--28},
  year={2001},
  publisher={Boca Raton, FL: CRC Press}
}
@inproceedings{mullen2013real,
  title={Real-time modeling and 3D visualization of source dynamics and connectivity using wearable EEG.},
  author={Mullen, Tim and Kothe, Christian and Chi, Yu Mike and Ojeda, Alejandro and Kerth, Trevor and Makeig, Scott and Cauwenberghs, Gert and Jung, Tzyy-Ping},
  booktitle={IEEE EMBS.},
  volume={2013},
  pages={2184--2187},
  year={2013}

@article{amari1998natural,
  title={Natural gradient works efficiently in learning},
  author={Amari, Shun-Ichi},
  journal={Neural computation},
  volume={10},
  number={2},
  pages={251--276},
  year={1998},
  publisher={MIT Press}
}
@article{cardoso1996equivariant,
  title={Equivariant adaptive source separation},
  author={Cardoso, J-F and Laheld, Beate H},
  journal={Signal Processing, IEEE Transactions on},
  volume={44},
  number={12},
  pages={3017--3030},
  year={1996},
  publisher={IEEE}
}
@article{pajunen1997least,
  title={Least-squares methods for blind source separation based on nonlinear PCA},
  author={Pajunen, Petteri and Karhunen, Juha},
  journal={International Journal of Neural Systems},
  volume={8},
  number={05n06},
  pages={601--612},
  year={1997},
  publisher={World Scientific}
}
@article{zhu2004natural,
  title={Natural gradient-based recursive least-squares algorithm for adaptive blind source separation},
  author={Zhu, Xiaolong and Zhang, Xianda and Ye, Jimin},
  journal={Science in China Series F: Information Sciences},
  volume={47},
  number={1},
  pages={55--65},
  year={2004},
  publisher={Springer}
}
@article{onton2006information,
  title={Information-based modeling of event-related brain dynamics},
  author={Onton, Julie and Makeig, Scott},
  journal={PROG BRAIN RES},
  volume={159},
  pages={99--120},
  year={2006},
  publisher={Elsevier}
}
@article{kothe2013bcilab,
  title={BCILAB: a platform for brain--computer interface development},
  author={Kothe, Christian Andreas and Makeig, Scott},
  journal={Journal of neural engineering},
  volume={10},
  number={5},
  pages={056014},
  year={2013},
  publisher={IOP Publishing}
}
@Article{Haufe2010,
author={Haufe, S. and Tomioka, R. and Nolte, G. and MuÌˆller, K.-R. and Kawanabe, M.}, 
journal={Biomedical Engineering, IEEE Transactions on}, 
title={Modeling Sparse Connectivity Between Underlying Brain Sources for EEG/MEG}, 
year={2010}, 
month={Aug}, 
volume={57}, 
number={8}, 
pages={1954-1963}, 
ISSN={0018-9294}
}